%% This BibTeX bibliography file was created using BibDesk.
%% http://bibdesk.sourceforge.net/


%% Created for Lo√Øc at 2008-05-13 14:09:59 -0400 


%% Saved with string encoding Unicode (UTF-8) 



@article{Bornstein:2008hl,
	Abstract = {LibSBML is an application programming interface library for reading, writing, manipulating and validating content expressed in the Systems Biology Markup Language (SBML) format. It is written in ISO C and C++, provides language bindings for Common Lisp, Java, Python, Perl, MATLAB and Octave, and includes many features that facilitate adoption and use of both SBML and the library. Developers can embed libSBML in their applications, saving themselves the work of implementing their own SBML parsing, manipulation and validation software. AVAILABILITY: LibSBML 3 was released in August 2007. Source code, binaries and documentation are freely available under LGPL open-source terms from http://sbml.org/software/libsbml.},
	Affiliation = {NASA Jet Propulsion Laboratory, Biological Network Modeling Center, California Institute of Technology, Pasadena, CA, USA.},
	Author = {Benjamin J Bornstein and Sarah M Keating and Akiya Jouraku and Michael Hucka},
	Date-Added = {2008-05-13 14:09:37 -0400},
	Date-Modified = {2008-05-13 14:09:41 -0400},
	Doi = {10.1093/bioinformatics/btn051},
	Journal = {Bioinformatics},
	Keywords = {User-Computer Interface, Programming Languages, Systems Biology, Algorithms, Software, Proteome, Models: Biological, Computer Simulation, Signal Transduction},
	Language = {eng},
	Local-Url = {file://localhost/Users/loic/Documents/Papers/2008/Bornstein/Bioinformatics%202008%20Bornstein.pdf},
	Month = {Mar},
	Number = {6},
	Pages = {880--1},
	Pii = {btn051},
	Pmid = {18252737},
	Rating = {0},
	Read = {Yes},
	Title = {LibSBML: an API library for SBML},
	Uri = {papers://78A99879-71E7-4C85-9127-D29C2B4B416B/Paper/p7529},
	Url = {http://bioinformatics.oxfordjournals.org/cgi/content/full/24/6/880},
	Volume = {24},
	Year = {2008},
	Bdsk-File-1 = {YnBsaXN0MDDUAQIDBAUGCQpYJHZlcnNpb25UJHRvcFkkYXJjaGl2ZXJYJG9iamVjdHMSAAGGoNEHCFRyb290gAFfEA9OU0tleWVkQXJjaGl2ZXKoCwwXGBkdJCVVJG51bGzTDQ4PEBEUViRjbGFzc1dOUy5rZXlzWk5TLm9iamVjdHOAB6ISE4ACgAOiFRaABIAGWWFsaWFzRGF0YVxyZWxhdGl2ZVBhdGjSDRobHFdOUy5kYXRhgAVPEQH6AAAAAAH6AAIAAAxNYWNpbnRvc2ggSEQAAAAAAAAAAAAAAAAAAADDX2xESCsAAABZiNsfQmlvaW5mb3JtYXRpY3MgMjAwOCAjNTk4OERDLnBkZgAAAAAAAAAAAAAAAAAAAAAAAAAAAAAAAAAAAAAAAAAAAFmI3MRPUS4AAAAAAAAAAAAGAAQAAAkgAAAAAAAAAAAAAAAAAAAACUJvcm5zdGVpbgAAEAAIAADDX7KUAAAAEQAIAADET4luAAAAAQAYAFmI2wA11cIAEE8oAAi1QwAItSwAAHmIAAIAV01hY2ludG9zaCBIRDpVc2Vyczpsb2ljOkRvY3VtZW50czpQYXBlcnM6MjAwODpCb3Juc3RlaW46QmlvaW5mb3JtYXRpY3MgMjAwOCAjNTk4OERDLnBkZgAADgBEACEAQgBpAG8AaQBuAGYAbwByAG0AYQB0AGkAYwBzACAAMgAwADAAOAAgAEIAbwByAG4AcwB0AGUAaQBuAC4AcABkAGYADwAaAAwATQBhAGMAaQBuAHQAbwBzAGgAIABIAEQAEgBMVXNlcnMvbG9pYy9Eb2N1bWVudHMvUGFwZXJzLzIwMDgvQm9ybnN0ZWluL0Jpb2luZm9ybWF0aWNzIDIwMDggQm9ybnN0ZWluLnBkZgATAAEvAAAVAAIAC///AADSHh8gIVgkY2xhc3Nlc1okY2xhc3NuYW1loyEiI11OU011dGFibGVEYXRhVk5TRGF0YVhOU09iamVjdF8QSS4uLy4uLy4uLy4uLy4uLy4uL1BhcGVycy8yMDA4L0Jvcm5zdGVpbi9CaW9pbmZvcm1hdGljcyAyMDA4IEJvcm5zdGVpbi5wZGbSHh8mJ6InI1xOU0RpY3Rpb25hcnkACAARABoAHwApADIANwA6AD8AQQBTAFwAYgBpAHAAeACDAIUAiACKAIwAjwCRAJMAnQCqAK8AtwC5ArcCvALFAtAC1ALiAukC8gM+A0MDRgAAAAAAAAIBAAAAAAAAACgAAAAAAAAAAAAAAAAAAANT},
	Bdsk-Url-1 = {http://bioinformatics.oxfordjournals.org/cgi/content/full/24/6/880},
	Bdsk-Url-2 = {http://dx.doi.org/10.1093/bioinformatics/btn051}}

@article{Hucka:2003qd,
	Abstract = { The systems biology markup language ( ): a  Availability: The specification of  Level 1 is freely available from http://www. .org/. },
	Author = {M Hucka and A Finney and H Sauro and H Bolouri and J Doyle},
	Date-Added = {2008-05-13 14:09:37 -0400},
	Date-Modified = {2008-05-13 14:09:55 -0400},
	Journal = {Bioinformatics},
	Local-Url = {file://localhost/Users/loic/Documents/Papers/2003/Hucka/Bioinformatics%202003%20Hucka.pdf},
	Month = {Jan},
	Pmid = {8787971266094617051related:29HoS04l9XkJ},
	Rating = {0},
	Read = {Yes},
	Title = {The systems biology markup language (SBML): a medium for representation and exchange of biochemical {\ldots}},
	Uri = {papers://78A99879-71E7-4C85-9127-D29C2B4B416B/Paper/p7447},
	Url = {http://bioinformatics.oxfordjournals.org/cgi/content/abstract/19/4/524},
	Year = {2003},
	Bdsk-File-1 = {YnBsaXN0MDDUAQIDBAUGCQpYJHZlcnNpb25UJHRvcFkkYXJjaGl2ZXJYJG9iamVjdHMSAAGGoNEHCFRyb290gAFfEA9OU0tleWVkQXJjaGl2ZXKoCwwXGBkdJCVVJG51bGzTDQ4PEBEUViRjbGFzc1dOUy5rZXlzWk5TLm9iamVjdHOAB6ISE4ACgAOiFRaABIAGWWFsaWFzRGF0YVxyZWxhdGl2ZVBhdGjSDRobHFdOUy5kYXRhgAVPEQHgAAAAAAHgAAIAAAxNYWNpbnRvc2ggSEQAAAAAAAAAAAAAAAAAAADDX2xESCsAAABVKDUdQmlvaW5mb3JtYXRpY3MgMjAwMyBIdWNrYS5wZGYAAAAAAAAAAAAAAAAAAAAAAAAAAAAAAAAAAAAAAAAAAAAAAFUoNsQ2dqgAAAAAAAAAAAAGAAQAAAkgAAAAAAAAAAAAAAAAAAAABUh1Y2thAAAQAAgAAMNfspQAAAARAAgAAMQ2rugAAAABABgAVSg1ABBQJgAQTygACLVDAAi1LAAAeYgAAgBRTWFjaW50b3NoIEhEOlVzZXJzOmxvaWM6RG9jdW1lbnRzOlBhcGVyczoyMDAzOkh1Y2thOkJpb2luZm9ybWF0aWNzIDIwMDMgSHVja2EucGRmAAAOADwAHQBCAGkAbwBpAG4AZgBvAHIAbQBhAHQAaQBjAHMAIAAyADAAMAAzACAASAB1AGMAawBhAC4AcABkAGYADwAaAAwATQBhAGMAaQBuAHQAbwBzAGgAIABIAEQAEgBEVXNlcnMvbG9pYy9Eb2N1bWVudHMvUGFwZXJzLzIwMDMvSHVja2EvQmlvaW5mb3JtYXRpY3MgMjAwMyBIdWNrYS5wZGYAEwABLwAAFQACAAv//wAA0h4fICFYJGNsYXNzZXNaJGNsYXNzbmFtZaMhIiNdTlNNdXRhYmxlRGF0YVZOU0RhdGFYTlNPYmplY3RfEEEuLi8uLi8uLi8uLi8uLi8uLi9QYXBlcnMvMjAwMy9IdWNrYS9CaW9pbmZvcm1hdGljcyAyMDAzIEh1Y2thLnBkZtIeHyYnoicjXE5TRGljdGlvbmFyeQAIABEAGgAfACkAMgA3ADoAPwBBAFMAXABiAGkAcAB4AIMAhQCIAIoAjACPAJEAkwCdAKoArwC3ALkCnQKiAqsCtgK6AsgCzwLYAxwDIQMkAAAAAAAAAgEAAAAAAAAAKAAAAAAAAAAAAAAAAAAAAzE=},
	Bdsk-Url-1 = {http://bioinformatics.oxfordjournals.org/cgi/content/abstract/19/4/524}}

@book{Wilkinson:2006yg,
	Author = {D J Wilkinson},
	Date-Added = {2008-05-13 13:29:40 -0400},
	Date-Modified = {2008-05-13 13:44:49 -0400},
	Publisher = {Boca Raton, Chapman and Hall-CRC},
	Title = {Stochastic Modelling for Systems Biology},
	Year = 2006,
	Bdsk-Url-1 = {http://ideas.repec.org/a/bla/jorssa/v170y2007i1p261-261.html}}

@unpublished{Matthey:2008rm,
	Author = {L Matthey and S Berman},
	Date-Added = {2008-05-13 11:28:26 -0400},
	Date-Modified = {2008-05-13 11:36:45 -0400},
	Institution = {Grasp Laboratory, Univ. of Pennsylvania},
	Title = {Stochastic assembly: a puzzle test-case},
	Year = {2008}}
	
	%% This BibTeX bibliography file in UTF-8 format was created using Papers.
	%% http://mekentosj.com/papers/

	@article{Macnab:1972p7813,
	author = {R Macnab and D Koshland}, 
	journal = {Proceedings of the National Academy of Sciences of the {\ldots}},
	title = {The Gradient-Sensing Mechanism in Bacterial Chemotaxis},
	abstract = { travelling up an attractant gradient in space sense a positive temporal gradient and  less frequently than normal, while  travelling down the },
	year = {1972},
	month = {Jan},
	date-added = {2008-05-16 00:52:46 -0400},
	date-modified = {2008-05-16 00:52:46 -0400},
	pmid = {12551331527550742957related:rbHSRYZJL64J},
	URL = {http://links.jstor.org/sici?sici=0027-8424(197209)69%253A9%253C2509%253ATGMIBC%253E2.0.CO%253B2-Q},
	local-url = {file://localhost/Users/loic/Documents/Papers/1972/Macnab/Proceedings%20of%20the%20National%20Academy%20of%20Sciences%20of%20the%20%E2%80%A6%201972%20Macnab.pdf},
	uri = {papers://78A99879-71E7-4C85-9127-D29C2B4B416B/Paper/p7813},
	read = {Yes},
	rating = {0},
	}

	@article{Adler:1975p7745,
	author = {J Adler}, 
	journal = {Annual Reviews in Biochemistry},
	title = {Chemotaxis in Bacteria},
	abstract = {Page 1. Copyright 1975. A II riyhts reserved  IN BACTERIA 886  342 DEMONSTRATION AND MEASUREMENT OF  IN BACTERIA ..... 342 },
	year = {1975},
	month = {Jan},
	date-added = {2008-05-16 00:57:00 -0400},
	date-modified = {2008-05-16 00:57:00 -0400},
	pmid = {4211059798939084609related:QSexc5OwcDoJ},
	URL = {http://arjournals.annualreviews.org/doi/abs/10.1146/annurev.bi.44.070175.002013},
	local-url = {file://localhost/Users/loic/Documents/Papers/1975/Adler/Annual%20Reviews%20in%20Biochemistry%201975%20Adler.pdf},
	uri = {papers://78A99879-71E7-4C85-9127-D29C2B4B416B/Paper/p7745},
	read = {Yes},
	rating = {0},
	}

	
